<?xml version="1.0" encoding="UTF-8"?><collection xmlns="http://www.loc.gov/MARC21/slim"><record><leader>00552nam--2200157-i-4500</leader><controlfield tag="001">000020012</controlfield><controlfield tag="002">20161230</controlfield><controlfield tag="005">20170113230954</controlfield><controlfield tag="008">060222s1000------------r-----000-0-eng-d</controlfield><datafield ind1=" " ind2=" " tag="080"><subfield code="a">546.791.6:541.28(043)</subfield></datafield><datafield ind1=" " ind2=" " tag="100"><subfield code="a">Fabre, Martial</subfield></datafield><datafield ind1=" " ind2=" " tag="245"><subfield code="a">Influence de l`acide dibutylphosphorique sur la cinetique de transfer de l`uranium hexavalent, d`un milieu nitrique, dans une solution de phosphate de tributyle a 30% dans le dodecane</subfield><subfield code="b">these</subfield></datafield><datafield ind1=" " ind2=" " tag="260"><subfield code="a">Orsay</subfield><subfield code="b">Universite Paris</subfield><subfield code="c">1979</subfield></datafield><datafield ind1=" " ind2=" " tag="300"><subfield code="a">80 p</subfield></datafield><datafield ind1=" " ind2=" " tag="852"><subfield code="a">49691</subfield></datafield><datafield ind1=" " ind2=" " tag="CAT"><subfield code="a">SYS</subfield><subfield code="c">20170113</subfield><subfield code="h">230954</subfield></datafield></record></collection>